<?xml version="1.0" encoding="UTF-8"?><collection xmlns="http://www.loc.gov/MARC21/slim"><record><leader>00367nam--2200157-i-4500</leader><controlfield tag="001">000014612</controlfield><controlfield tag="002">20161230</controlfield><controlfield tag="005">20170123234317</controlfield><controlfield tag="008">060222s1000------------r-----000-0-eng-d</controlfield><datafield ind1=" " ind2=" " tag="080"><subfield code="a">539.12(061.3)</subfield></datafield><datafield ind1=" " ind2=" " tag="245"><subfield code="a">Proceedings</subfield></datafield><datafield ind1=" " ind2=" " tag="260"><subfield code="a">Warszawa</subfield><subfield code="b">Institute Of Physics</subfield><subfield code="c">1983</subfield></datafield><datafield ind1=" " ind2=" " tag="300"><subfield code="a">636 p</subfield></datafield><datafield ind1=" " ind2=" " tag="700"><subfield code="a">Ajduk, Z</subfield></datafield><datafield ind1=" " ind2=" " tag="852"><subfield code="a">71406</subfield></datafield><datafield ind1=" " ind2=" " tag="CAT"><subfield code="a">SYS</subfield><subfield code="c">20170123</subfield><subfield code="h">234317</subfield></datafield></record></collection>